<record><leader>00000cas a22000007a 4500</leader><controlfield tag="001">11758169</controlfield><controlfield tag="008">850304d18691907mnuwr ne      0    0eng d</controlfield><datafield ind1=" " ind2=" " tag="010"><subfield code="a">sn 85025480 </subfield></datafield><datafield ind1=" " ind2=" " tag="040"><subfield code="a">NPX</subfield><subfield code="b">eng</subfield><subfield code="c">NPX</subfield><subfield code="d">NPU</subfield><subfield code="d">MN#</subfield><subfield code="d">NYS</subfield><subfield code="d">OCLCQ</subfield><subfield code="d">OCLCF</subfield><subfield code="d">OCLCO</subfield></datafield><datafield ind1=" " ind2=" " tag="042"><subfield code="a">msc</subfield></datafield><datafield ind1=" " ind2=" " tag="043"><subfield code="a">n-us-mn</subfield></datafield><datafield ind1=" " ind2=" " tag="052"><subfield code="a">4144</subfield><subfield code="b">G4</subfield></datafield><datafield ind1=" " ind2=" " tag="052"><subfield code="a">4143</subfield><subfield code="b">M2</subfield></datafield><datafield ind1="0" ind2=" " tag="130"><subfield code="a">Glencoe register (Glencoe, Minn. : 1869)</subfield></datafield><datafield ind1="1" ind2="0" tag="245"><subfield code="a">Glencoe register.</subfield></datafield><datafield ind1=" " ind2=" " tag="260"><subfield code="a">Glencoe, McLeod Co., Minn. :</subfield><subfield code="b">James C. Edson,</subfield><subfield code="c">1869-1907.</subfield></datafield><datafield ind1=" " ind2=" " tag="300"><subfield code="a">v. ;</subfield><subfield code="c">56 cm.</subfield></datafield><datafield ind1=" " ind2=" " tag="310"><subfield code="a">Weekly</subfield></datafield><datafield ind1="0" ind2=" " tag="362"><subfield code="a">Vol. 1, no. 1 (Feb. 25, 1869)-v. 7, no. 36 (Nov. 9, 1875) ; v. 19, no. 37 (Nov. 11, 1875)-v. 50, no. 25 (Feb. 1, 1907).</subfield></datafield><datafield ind1=" " ind2=" " tag="530"><subfield code="a">Available on microfilm from the Minnesota Historical Society.</subfield></datafield><datafield ind1=" " ind2="0" tag="651"><subfield code="a">Glencoe (Minn.)</subfield><subfield code="v">Newspapers.</subfield></datafield><datafield ind1=" " ind2="7" tag="655"><subfield code="a">Newspapers.</subfield><subfield code="2">fast</subfield><subfield code="0">(OCoLC)fst01423814</subfield></datafield><datafield ind1=" " ind2="7" tag="651"><subfield code="a">Minnesota</subfield><subfield code="z">Glencoe.</subfield><subfield code="2">fast</subfield><subfield code="0">(OCoLC)fst01227772</subfield></datafield><datafield ind1=" " ind2=" " tag="752"><subfield code="a">United States</subfield><subfield code="b">Minnesota</subfield><subfield code="c">McLeod</subfield><subfield code="d">Glencoe.</subfield></datafield><datafield ind1="0" ind2="0" tag="780"><subfield code="t">McLeod County register</subfield><subfield code="w">(DLC)sn 89064597</subfield></datafield></record>